%% This BibTeX bibliography file was created using BibDesk.
%% http://bibdesk.sourceforge.net/


%% Created for Ian Anderson at 2015-04-30 01:08:05 -0400 


%% Saved with string encoding Unicode (UTF-8) 



@article{Khachatryan:2014ira,
	Archiveprefix = {arXiv},
	Author = {Khachatryan, Vardan and others},
	Collaboration = {CMS},
	Date-Added = {2015-04-30 04:15:17 +0000},
	Date-Modified = {2015-04-30 04:15:17 +0000},
	Doi = {10.1140/epjc/s10052-014-3076-z},
	Eprint = {1407.0558},
	Journal = {Eur.Phys.J.},
	Number = {10},
	Pages = {3076},
	Primaryclass = {hep-ex},
	Reportnumber = {CMS-HIG-13-001, CERN-PH-EP-2014-117},
	Slaccitation = {%%CITATION = ARXIV:1407.0558;%%},
	Title = {{Observation of the diphoton decay of the Higgs boson and measurement of its properties}},
	Volume = {C74},
	Year = {2014},
	Bdsk-Url-1 = {http://dx.doi.org/10.1140/epjc/s10052-014-3076-z}}

@article{Koratzinos:2013ncw,
	Archiveprefix = {arXiv},
	Author = {Koratzinos, M. and Blondel, A.P. and Aleksan, R. and Brunner, O. and Butterworth, A. and others},
	Date-Added = {2015-04-30 02:05:28 +0000},
	Date-Modified = {2015-04-30 02:05:28 +0000},
	Eprint = {1305.6498},
	Pages = {TUPME040},
	Primaryclass = {physics.acc-ph},
	Reportnumber = {IPAC-2013-TUPME040},
	Slaccitation = {%%CITATION = ARXIV:1305.6498;%%},
	Title = {{TLEP: A High-Performance Circular $e^+e^-$ Collider to Study the Higgs Boson}},
	Year = {2013}}

@article{Behnke:2013xla,
	Archiveprefix = {arXiv},
	Author = {Behnke, Ties and Brau, James E. and Foster, Brian and Fuster, Juan and Harrison, Mike and others},
	Date-Added = {2015-04-30 02:04:47 +0000},
	Date-Modified = {2015-04-30 02:04:47 +0000},
	Editor = {Behnke, Ties},
	Eprint = {1306.6327},
	Primaryclass = {physics.acc-ph},
	Reportnumber = {ILC-REPORT-2013-040, ANL-HEP-TR-13-20, BNL-100603-2013-IR, IRFU-13-59, CERN-ATS-2013-037, COCKCROFT-13-10, CLNS-13-2085, DESY-13-062, FERMILAB-TM-2554, IHEP-AC-ILC-2013-001, INFN-13-04-LNF, JAI-2013-001, JINR-E9-2013-35, JLAB-R-2013-01, KEK-REPORT-2013-1, KNU-CHEP-ILC-2013-1, LLNL-TR-635539, SLAC-R-1004, ILC-HIGRADE-REPORT-2013-003},
	Slaccitation = {%%CITATION = ARXIV:1306.6327;%%},
	Title = {{The International Linear Collider Technical Design Report - Volume 1: Executive Summary}},
	Year = {2013}}

@article{Dawson:2013bba,
	Archiveprefix = {arXiv},
	Author = {Dawson, Sally and Gritsan, Andrei and Logan, Heather and Qian, Jianming and Tully, Chris and others},
	Date-Added = {2015-04-30 02:01:45 +0000},
	Date-Modified = {2015-04-30 02:01:45 +0000},
	Eprint = {1310.8361},
	Primaryclass = {hep-ex},
	Reportnumber = {FERMILAB-CONF-13-671-T},
	Slaccitation = {%%CITATION = ARXIV:1310.8361;%%},
	Title = {{Working Group Report: Higgs Boson}},
	Year = {2013}}

@article{CMS:2013xfa,
	Archiveprefix = {arXiv},
	Collaboration = {CMS},
	Date-Added = {2015-04-30 02:00:51 +0000},
	Date-Modified = {2015-04-30 02:00:51 +0000},
	Eprint = {1307.7135},
	Key = {1244669},
	Reportnumber = {CMS-NOTE-13-002},
	Slaccitation = {%%CITATION = ARXIV:1307.7135;%%},
	Title = {{Projected Performance of an Upgraded CMS Detector at the LHC and HL-LHC: Contribution to the Snowmass Process}},
	Year = {2013}}

@article{ATLAS:2013hta,
	Archiveprefix = {arXiv},
	Collaboration = {ATLAS},
	Date-Added = {2015-04-30 01:59:47 +0000},
	Date-Modified = {2015-04-30 01:59:47 +0000},
	Eprint = {1307.7292},
	Key = {1245017},
	Primaryclass = {hep-ex},
	Reportnumber = {ATL-PHYS-PUB-2013-007},
	Slaccitation = {%%CITATION = ARXIV:1307.7292;%%},
	Title = {{Physics at a High-Luminosity LHC with ATLAS}},
	Year = {2013}}

@article{Khachatryan:2014jba,
	Archiveprefix = {arXiv},
	Author = {Khachatryan, Vardan and others},
	Collaboration = {CMS},
	Date-Added = {2015-04-29 18:49:16 +0000},
	Date-Modified = {2015-04-29 18:49:16 +0000},
	Eprint = {1412.8662},
	Primaryclass = {hep-ex},
	Reportnumber = {CMS-HIG-14-009, CERN-PH-EP-2014-288},
	Slaccitation = {%%CITATION = ARXIV:1412.8662;%%},
	Title = {{Precise determination of the mass of the Higgs boson and tests of compatibility of its couplings with the standard model predictions using proton collisions at 7 and 8 TeV}},
	Year = {2014}}

@article{Agashe:2014kda,
	Author = {Olive, K.A. and others},
	Collaboration = {Particle Data Group},
	Date-Added = {2015-04-29 15:17:54 +0000},
	Date-Modified = {2015-04-29 15:17:54 +0000},
	Doi = {10.1088/1674-1137/38/9/090001},
	Journal = {Chin.Phys.},
	Pages = {090001},
	Slaccitation = {%%CITATION = CHPHD,C38,090001;%%},
	Title = {{Review of Particle Physics}},
	Volume = {C38},
	Year = {2014},
	Bdsk-Url-1 = {http://dx.doi.org/10.1088/1674-1137/38/9/090001}}

@article{Passarino:2013bha,
	Archiveprefix = {arXiv},
	Author = {Passarino, Giampiero},
	Date-Added = {2015-04-29 15:11:25 +0000},
	Date-Modified = {2015-04-29 15:11:25 +0000},
	Doi = {10.1140/epjc/s10052-014-2866-7},
	Eprint = {1312.2397},
	Journal = {Eur.Phys.J.},
	Pages = {2866},
	Primaryclass = {hep-ph},
	Slaccitation = {%%CITATION = ARXIV:1312.2397;%%},
	Title = {{Higgs CAT}},
	Volume = {C74},
	Year = {2014},
	Bdsk-Url-1 = {http://dx.doi.org/10.1140/epjc/s10052-014-2866-7}}

@misc{kasprzikpriv,
	Author = {Kasprzik, Tobias},
	Date = {2014},
	Date-Added = {2015-04-29 15:09:16 +0000},
	Date-Modified = {2015-04-29 15:09:16 +0000},
	Howpublished = {Private communication}}

@article{Gieseke:2014gka,
	Archiveprefix = {arXiv},
	Author = {Gieseke, Stefan and Kasprzik, Tobias and K{\"u}hn, Johann H.},
	Date-Added = {2015-04-29 15:07:44 +0000},
	Date-Modified = {2015-04-29 15:07:44 +0000},
	Doi = {10.1140/epjc/s10052-014-2988-y},
	Eprint = {1401.3964},
	Journal = {Eur.Phys.J.},
	Number = {8},
	Pages = {2988},
	Primaryclass = {hep-ph},
	Slaccitation = {%%CITATION = ARXIV:1401.3964;%%},
	Title = {{Vector-boson pair production and electroweak corrections in HERWIG++}},
	Volume = {C74},
	Year = {2014},
	Bdsk-Url-1 = {http://dx.doi.org/10.1140/epjc/s10052-014-2988-y}}

@article{Bierweiler:1312,
	Archiveprefix = {arXiv},
	Author = {Bierweiler, A. and Kasprzik, T. and K{\"u}hn, J. H.},
	Date-Added = {2015-04-29 15:06:42 +0000},
	Date-Modified = {2015-04-29 15:24:41 +0000},
	Doi = {10.1007/JHEP12(2013)071},
	Eprint = {1305.5402},
	Journal = {JHEP},
	Pages = {071},
	Primaryclass = {hep-ph},
	Reportnumber = {FERMILAB-PUB-13-386-PPD},
	Slaccitation = {%%CITATION = ARXIV:1309.4819;%%},
	Title = {{Vector-boson pair production at the LHC to ${\mathcal{O}}(\alpha^3)$ accuracy}},
	Volume = {12},
	Year = {2013},
	Bdsk-Url-1 = {http://dx.doi.org/10.1007/JHEP12(2013)071}}

@article{Baglio:1307.4331,
	Archiveprefix = {arXiv},
	Author = {Baglio, J. and Ninh, L. D. and Weber, M. M.},
	Date-Added = {2015-04-29 15:06:08 +0000},
	Date-Modified = {2015-04-29 15:06:08 +0000},
	Doi = {10.1103/PhysRevD.88.113005},
	Eprint = {1307.4331},
	Journal = {Phys. Rev. D},
	Pages = {113005},
	Primaryclass = {hep-ph},
	Reportnumber = {FERMILAB-PUB-13-386-PPD},
	Slaccitation = {%%CITATION = ARXIV:1309.4819;%%},
	Title = {{Massive gauge boson pair production at LHC: a next-to-leading order story}},
	Volume = {88},
	Year = {2013},
	Bdsk-Url-1 = {http://dx.doi.org/10.1103/PhysRevD.88.113005}}

@article{Kramer:1998,
	Author = {Michael Kr{\"a}mer and Eric Laenen and Michael Spira},
	Date-Added = {2015-04-29 15:03:38 +0000},
	Date-Modified = {2015-04-29 15:23:14 +0000},
	Doi = {http://dx.doi.org/10.1016/S0550-3213(97)00679-2},
	Issn = {0550-3213},
	Journal = {Nuclear Physics B},
	Number = {3},
	Pages = {523 - 549},
	Title = {Soft gluon radiation in Higgs boson production at the \{LHC\}},
	Volume = {511},
	Year = {1998},
	Bdsk-Url-1 = {http://www.sciencedirect.com/science/article/pii/S0550321397006792},
	Bdsk-Url-2 = {http://dx.doi.org/10.1016/S0550-3213(97)00679-2}}

@article{Bonvini:1304.3053,
	Archiveprefix = {arXiv},
	Author = {Bonvini, Marco and Caola, Fabrizio and Forte, Stefano and Melnikov, Kirill and Ridolfi, Giovanni},
	Date-Added = {2015-04-29 14:59:27 +0000},
	Date-Modified = {2015-04-29 14:59:27 +0000},
	Doi = {10.1103/PhysRevD.88.034032},
	Eprint = {1304.3053},
	Journal = {Phys. Rev. D},
	Pages = {034032},
	Primaryclass = {hep-ph},
	Slaccitation = {%%CITATION = ARXIV:1304.3053;%%},
	Title = {{Signal-background interference effects in $gg \to H \to WW$ beyond leading order}},
	Volume = {88},
	Year = {2013},
	Bdsk-Url-1 = {http://dx.doi.org/10.1103/PhysRevD.88.034032}}

@article{Bredenstein:2006rh,
	Archiveprefix = {arXiv},
	Author = {Bredenstein, A. and others},
	Date-Added = {2015-04-29 14:57:37 +0000},
	Date-Modified = {2015-04-29 14:57:37 +0000},
	Doi = {10.1103/PhysRevD.74.013004},
	Eprint = {hep-ph/0604011},
	Journal = {Phys. Rev. D},
	Pages = {013004},
	Slaccitation = {%%CITATION = HEP-PH/0604011;%%},
	Title = {{Precise predictions for the Higgs-boson decay H $\rightarrow$ WW/ZZ $\rightarrow$ 4 leptons}},
	Volume = {74},
	Year = {2006},
	Bdsk-Url-1 = {http://dx.doi.org/10.1103/PhysRevD.74.013004}}

@article{CaolaMelnikov:1307.4935,
	Archiveprefix = {arXiv},
	Author = {Caola, Fabrizio and Melnikov, Kirill},
	Date-Added = {2015-04-29 14:54:50 +0000},
	Date-Modified = {2015-04-29 14:54:50 +0000},
	Doi = {10.1103/PhysRevD.88.054024},
	Eprint = {1307.4935},
	Journal = {Phys. Rev. D},
	Pages = {054024},
	Primaryclass = {hep-ph},
	Slaccitation = {%%CITATION = ARXIV:1307.4935;%%},
	Title = {{Constraining the Higgs boson width with $ZZ$ production at the LHC}},
	Volume = {88},
	Year = {2013},
	Bdsk-Url-1 = {http://dx.doi.org/10.1103/PhysRevD.88.054024}}

@article{Kauer:1305.2092,
	Archiveprefix = {arXiv},
	Author = {Kauer, Nikolas},
	Date-Added = {2015-04-29 14:54:00 +0000},
	Date-Modified = {2015-04-29 14:54:00 +0000},
	Doi = {10.1142/S0217732313300152},
	Eprint = {1305.2092},
	Journal = {Mod. Phys. Lett. A},
	Pages = {1330015},
	Primaryclass = {hep-ph},
	Slaccitation = {%%CITATION = ARXIV:1305.2092;%%},
	Title = {{Inadequacy of zero-width approximation for a light Higgs boson signal}},
	Volume = {28},
	Year = {2013},
	Bdsk-Url-1 = {http://dx.doi.org/10.1142/S0217732313300152}}

@article{Chen:2014gka,
	Archiveprefix = {arXiv},
	Author = {Chen, Yi and Harnik, Roni and Vega-Morales, Roberto},
	Date-Added = {2015-04-29 14:34:33 +0000},
	Date-Modified = {2015-04-29 14:34:33 +0000},
	Doi = {10.1103/PhysRevLett.113.191801},
	Eprint = {1404.1336},
	Journal = {Phys.Rev.Lett.},
	Number = {19},
	Pages = {191801},
	Primaryclass = {hep-ph},
	Reportnumber = {FERMILAB-PUB-14-048-PPD-T, LPT-ORSAY-14-13, CALT-68-2883, NUHEP-TH-14-02, --NUHEP-TH-14-02},
	Slaccitation = {%%CITATION = ARXIV:1404.1336;%%},
	Title = {{Probing the Higgs Couplings to Photons in h→4ℓ at the LHC}},
	Volume = {113},
	Year = {2014},
	Bdsk-Url-1 = {http://dx.doi.org/10.1103/PhysRevLett.113.191801}}

@article{Chen:2012jy,
	Archiveprefix = {arXiv},
	Author = {Chen, Yi and Tran, Nhan and Vega-Morales, Roberto},
	Date-Added = {2015-04-29 14:32:54 +0000},
	Date-Modified = {2015-04-29 14:32:54 +0000},
	Doi = {10.1007/JHEP01(2013)182},
	Eprint = {1211.1959},
	Journal = {JHEP},
	Pages = {182},
	Primaryclass = {hep-ph},
	Reportnumber = {FERMILAB-PUB-12-588-E-PPD-T, NUHEP-TH-12-13, CALT-68-2894},
	Slaccitation = {%%CITATION = ARXIV:1211.1959;%%},
	Title = {{Scrutinizing the Higgs Signal and Background in the $2\mathrm{e}2\mu$ Golden Channel}},
	Volume = {01},
	Year = {2013},
	Bdsk-Url-1 = {http://dx.doi.org/10.1007/JHEP01(2013)182}}

@article{Christensen:2008py,
	Archiveprefix = {arXiv},
	Author = {Christensen, Neil D. and Duhr, Claude},
	Date-Added = {2015-04-29 14:31:27 +0000},
	Date-Modified = {2015-04-29 14:31:27 +0000},
	Doi = {10.1016/j.cpc.2009.02.018},
	Eprint = {0806.4194},
	Journal = {Comput. Phys. Comm.},
	Pages = {1614},
	Primaryclass = {hep-ph},
	Reportnumber = {MSUHEP-080616, CP3-08-20},
	Slaccitation = {%%CITATION = ARXIV:0806.4194;%%},
	Title = {{FeynRules - Feynman rules made easy}},
	Volume = {180},
	Year = {2009},
	Bdsk-Url-1 = {http://dx.doi.org/10.1016/j.cpc.2009.02.018}}

@article{Avery:2012um,
	Archiveprefix = {arXiv},
	Author = {Paul Avery and Dimitri Bourilkov and Mingshui Chen and Tongguang Cheng and Alexey Drozdetskiy and James S. Gainer and Andrey Korytov and Konstantin T. Matchev and Predrag Milenovic and Guenakh Mitselmakher and Myeonghun Park and Aurelijus Rinkevicius and Matthew Snowball},
	Date-Added = {2015-04-29 14:30:24 +0000},
	Date-Modified = {2015-04-29 14:30:24 +0000},
	Doi = {10.1103/PhysRevD.87.055006},
	Eprint = {1210.0896},
	Journal = {Phys. Rev. D},
	Pages = {055006},
	Primaryclass = {hep-ph},
	Reportnumber = {CERN-PH-TH-2012-251},
	Slaccitation = {%%CITATION = ARXIV:1210.0896;%%},
	Title = {{Precision studies of the Higgs boson decay channel H$\to$ZZ*$\to$4$\ell$ with MEKD}},
	Volume = {87},
	Year = {2013},
	Bdsk-Url-1 = {http://dx.doi.org/10.1103/PhysRevD.87.055006}}

@article{Chatrchyan:2012ufa,
	Archiveprefix = {arXiv},
	Author = {Chatrchyan, Serguei and others},
	Collaboration = {CMS},
	Date-Added = {2015-04-29 14:28:43 +0000},
	Date-Modified = {2015-04-29 14:28:43 +0000},
	Doi = {10.1016/j.physletb.2012.08.021},
	Eprint = {1207.7235},
	Journal = {Phys. Lett. B},
	Pages = {30},
	Primaryclass = {hep-ex},
	Reportnumber = {CMS-HIG-12-028, CERN-PH-EP-2012-220},
	Slaccitation = {%%CITATION = ARXIV:1207.7235;%%},
	Title = {{Observation of a new boson at a mass of 125 GeV with the CMS experiment at the LHC}},
	Volume = {716},
	Year = {2012},
	Bdsk-Url-1 = {http://dx.doi.org/10.1016/j.physletb.2012.08.021}}

@article{Binoth:2008pr,
	Archiveprefix = {arXiv},
	Author = {Binoth, T. and Kauer, N. and Mertsch, P.},
	Date-Added = {2015-04-29 14:25:16 +0000},
	Date-Modified = {2015-04-29 14:25:16 +0000},
	Doi = {10.3360/dis.2008.142},
	Eprint = {0807.0024},
	Pages = {142},
	Primaryclass = {hep-ph},
	Slaccitation = {%%CITATION = ARXIV:0807.0024;%%},
	Title = {{Gluon-induced QCD corrections to pp ---> ZZ ---> l anti-l l-prime anti-l-prime}},
	Year = {2008},
	Bdsk-Url-1 = {http://dx.doi.org/10.3360/dis.2008.142}}

@article{Passarino:2012ri,
	Archiveprefix = {arXiv},
	Author = {Passarino, Giampiero},
	Date-Added = {2015-04-29 14:23:56 +0000},
	Date-Modified = {2015-04-29 14:23:56 +0000},
	Doi = {10.1007/JHEP08(2012)146},
	Eprint = {1206.3824},
	Journal = {JHEP},
	Pages = {146},
	Primaryclass = {hep-ph},
	Slaccitation = {%%CITATION = ARXIV:1206.3824;%%},
	Title = {{Higgs Interference Effects in $gg \to ZZ$ and their Uncertainty}},
	Volume = {1208},
	Year = {2012},
	Bdsk-Url-1 = {http://dx.doi.org/10.1007/JHEP08(2012)146}}

@article{Khachatryan:2014iha,
	Archiveprefix = {arXiv},
	Author = {Khachatryan, Vardan and others},
	Collaboration = {CMS},
	Date-Added = {2015-04-29 14:18:47 +0000},
	Date-Modified = {2015-04-29 14:18:47 +0000},
	Doi = {10.1016/j.physletb.2014.06.077},
	Eprint = {1405.3455},
	Journal = {Phys.Lett.},
	Pages = {64},
	Primaryclass = {hep-ex},
	Reportnumber = {CMS-HIG-14-002, CERN-PH-EP-2014-078},
	Slaccitation = {%%CITATION = ARXIV:1405.3455;%%},
	Title = {{Constraints on the Higgs boson width from off-shell production and decay to Z-boson pairs}},
	Volume = {B736},
	Year = {2014},
	Bdsk-Url-1 = {http://dx.doi.org/10.1016/j.physletb.2014.06.077}}

@article{Khachatryan:2014kca,
	Archiveprefix = {arXiv},
	Author = {Khachatryan, Vardan and others},
	Collaboration = {CMS},
	Date-Added = {2015-04-29 14:17:18 +0000},
	Date-Modified = {2015-04-29 14:17:18 +0000},
	Eprint = {1411.3441},
	Primaryclass = {hep-ex},
	Reportnumber = {CMS-HIG-14-018, CERN-PH-EP-2014-265},
	Slaccitation = {%%CITATION = ARXIV:1411.3441;%%},
	Title = {{Constraints on the spin-parity and anomalous HVV couplings of the Higgs boson in proton collisions at 7 and 8 TeV}},
	Year = {2014}}

@article{Khachatryan:2015cwa,
	Archiveprefix = {arXiv},
	Author = {Khachatryan, Vardan and others},
	Collaboration = {CMS},
	Date-Added = {2015-04-29 14:15:37 +0000},
	Date-Modified = {2015-04-29 14:15:37 +0000},
	Eprint = {1504.00936},
	Primaryclass = {hep-ex},
	Reportnumber = {CMS-HIG-13-031, CERN-PH-EP-2015-074},
	Slaccitation = {%%CITATION = ARXIV:1504.00936;%%},
	Title = {{Search for a Higgs boson in the mass range from 145 to 1000 GeV decaying to a pair of W or Z bosons}},
	Year = {2015}}

@article{Chatrchyan:2014nva,
	Archiveprefix = {arXiv},
	Author = {Chatrchyan, Serguei and others},
	Collaboration = {CMS},
	Date-Added = {2015-04-29 14:06:23 +0000},
	Date-Modified = {2015-04-29 14:06:23 +0000},
	Doi = {10.1007/JHEP05(2014)104},
	Eprint = {1401.5041},
	Journal = {JHEP},
	Pages = {104},
	Primaryclass = {hep-ex},
	Reportnumber = {CMS-HIG-13-004, CERN-PH-EP-2014-001},
	Slaccitation = {%%CITATION = ARXIV:1401.5041;%%},
	Title = {{Evidence for the 125 GeV Higgs boson decaying to a pair of $\tau$ leptons}},
	Volume = {1405},
	Year = {2014},
	Bdsk-Url-1 = {http://dx.doi.org/10.1007/JHEP05(2014)104}}

@techreport{LEP-CLs,
	Author = {Read, A.L.},
	Date-Added = {2015-04-29 03:17:29 +0000},
	Date-Modified = {2015-04-29 03:17:29 +0000},
	Number = {CERN-OPEN-2000-005},
	Pages = {81},
	Title = {Modified frequentist analysis of search results (the ${CL}_s$ method)},
	Url = {http://cdsweb.cern.ch/record/451614},
	Year = {2000},
	Bdsk-Url-1 = {http://cdsweb.cern.ch/record/451614}}

@article{Junk,
	Archiveprefix = {arXiv},
	Author = {Junk, Thomas},
	Date-Added = {2015-04-29 03:17:01 +0000},
	Date-Modified = {2015-04-29 03:17:01 +0000},
	Doi = {10.1016/S0168-9002(99)00498-2},
	Eprint = {hep-ex/9902006},
	Journal = {Nucl. Instrum. Meth. A},
	Pages = {435},
	Primaryclass = {hep-ex},
	Title = {Confidence level computation for combining searches with small statistics},
	Volume = {434},
	Year = {1999},
	Bdsk-Url-1 = {http://dx.doi.org/10.1016/S0168-9002(99)00498-2}}

@article{PDG,
	Author = {Beringer, J. and others},
	Collaboration = {Particle Data Group},
	Date-Added = {2015-04-29 03:16:15 +0000},
	Date-Modified = {2015-04-29 03:16:15 +0000},
	Doi = {10.1103/PhysRevD.86.010001},
	Journal = {Phys. Rev. D},
	Pages = {010001},
	Slaccitation = {%%CITATION = PHRVA,D86,010001;%%},
	Title = {{Review of Particle Physics}},
	Volume = {86},
	Year = {2012},
	Bdsk-Url-1 = {http://dx.doi.org/10.1103/PhysRevD.86.010001}}

@techreport{LHC-HCG,
	Author = {{ATLAS and CMS Collaborations, LHC Higgs Combination Group}},
	Date-Added = {2015-04-29 03:15:15 +0000},
	Date-Modified = {2015-04-29 15:22:55 +0000},
	Number = {2011/005},
	Title = {Procedure for the LHC Higgs boson search combination in Summer 2011},
	Type = {ATL-PHYS-PUB 2011-11/CMS NOTE},
	Year = {2011},
	Bdsk-Url-1 = {http://cdsweb.cern.ch/record/1379837}}

@article{Tsallis:2012,
	Author = {{CMS~Collaboration}},
	Date-Added = {2015-04-29 02:36:38 +0000},
	Date-Modified = {2015-04-29 03:08:57 +0000},
	Journal = {Phys. Lett. B},
	Pages = {136},
	Title = {Measurement of the $\Lambda_b$ cross section and the $\bar{\Lambda}_b$ to $\Lambda_b$ ratio with $J/\psi\Lambda$ decays in $pp$ collisions at $\sqrt{s}=7$ $\rm{TeV}$},
	Volume = {714},
	Year = {2012}}

@article{ZZpTShapeSyst:2012,
	Author = {{CMS~Collaboration}},
	Date-Added = {2015-04-29 02:30:22 +0000},
	Date-Modified = {2015-04-29 03:09:02 +0000},
	Journal = {Phys. Rev. D},
	Pages = {032002},
	Title = {Measurement of the Rapidity and Transverse Momentum Distributions of $Z$ Bosons in $pp$ Collision at $\sqrt{s}=7$ $\rm{TeV}$},
	Volume = {85},
	Year = {2012}}

@phdthesis{CrystalBall,
	Author = {Oreglia, M.},
	Date-Added = {2015-04-29 02:12:01 +0000},
	Date-Modified = {2015-04-29 03:03:03 +0000},
	Note = {{{SLAC} Report {SLAC-R-236}}},
	School = {Stanford University},
	Title = {{A study of the reactions $\psi^\prime \to \gamma \gamma \psi$}},
	Year = 1980,
	Bdsk-Url-1 = {http://www.slac.stanford.edu/pubs/slacreports/slac-r-236.html}}

@article{Campbell:1999ah,
	Archiveprefix = {arXiv},
	Author = {Campbell, John M. and Ellis, R. Keith},
	Date-Added = {2015-04-29 02:09:18 +0000},
	Date-Modified = {2015-04-29 02:09:18 +0000},
	Doi = {10.1103/PhysRevD.60.113006},
	Eprint = {hep-ph/9905386},
	Journal = {Phys. Rev. D},
	Pages = {113006},
	Primaryclass = {hep-ph},
	Title = {{An update on vector boson pair production at hadron colliders}},
	Volume = {60},
	Year = {1999},
	Bdsk-Url-1 = {http://dx.doi.org/10.1103/PhysRevD.60.113006}}

@article{Campbell:2011bn,
	Archiveprefix = {arXiv},
	Author = {Campbell, John M. and Ellis, R. Keith and Williams, Ciaran},
	Date-Added = {2015-04-29 02:09:18 +0000},
	Date-Modified = {2015-04-29 02:09:18 +0000},
	Doi = {10.1007/JHEP07(2011)018},
	Eprint = {1105.0020},
	Journal = {JHEP},
	Pages = {018},
	Primaryclass = {hep-ph},
	Reportnumber = {FERMILAB-PUB-11-182-T},
	Slaccitation = {%%CITATION = ARXIV:1105.0020;%%},
	Title = {{Vector boson pair production at the LHC}},
	Volume = {07},
	Year = {2011},
	Bdsk-Url-1 = {http://dx.doi.org/10.1007/JHEP07(2011)018}}

@article{MCFM,
	Archiveprefix = {arXiv},
	Author = {Campbell, John M. and Ellis, R. K.},
	Date-Added = {2015-04-29 02:09:18 +0000},
	Date-Modified = {2015-04-29 02:09:18 +0000},
	Doi = {10.1016/j.nuclphysbps.2010.08.011},
	Eprint = {1007.3492},
	Journal = {Nucl. Phys. Proc. Suppl.},
	Pages = {10},
	Primaryclass = {hep-ph},
	Slaccitation = {%%CITATION = 1007.3492;%%},
	Title = {{MCFM for the Tevatron and the LHC}},
	Volume = {205},
	Year = {2010},
	Bdsk-Url-1 = {http://dx.doi.org/10.1016/j.nuclphysbps.2010.08.011}}

@article{Lai:2010vv,
	Archiveprefix = {arXiv},
	Author = {Lai, Hung-Liang and Guzzi, Marco and Huston, Joey and Li, Zhao and Nadolsky, Pavel M. and Pumplin, Jon and Yuan, C.-P.},
	Date-Added = {2015-04-29 02:08:12 +0000},
	Date-Modified = {2015-04-29 02:08:12 +0000},
	Doi = {10.1103/PhysRevD.82.074024},
	Eprint = {1007.2241},
	Journal = {Phys. Rev. D},
	Pages = {074024},
	Primaryclass = {hep-ph},
	Reportnumber = {MSUHEP-100707, SMU-HEP-10-10},
	Slaccitation = {%%CITATION = ARXIV:1007.2241;%%},
	Title = {{New parton distributions for collider physics}},
	Volume = {82},
	Year = {2010},
	Bdsk-Url-1 = {http://dx.doi.org/10.1103/PhysRevD.82.074024}}

@article{cteq66,
	Archiveprefix = {arXiv},
	Author = {Lai, Hung-Liang and Huston, Joey and Li, Zhao and Nadolsky, Pavel and Pumplin, Jon and Stump, Daniel and Yuan, C.-P.},
	Date-Added = {2015-04-29 02:07:45 +0000},
	Date-Modified = {2015-04-29 02:07:45 +0000},
	Doi = {10.1103/PhysRevD.82.054021},
	Eprint = {1004.4624},
	Journal = {Phys. Rev. D},
	Pages = {054021},
	Primaryclass = {hep-ph},
	Reportnumber = {MSUHEP-100421, SMU-HEP-10-07},
	Slaccitation = {%%CITATION = ARXIV:1004.4624;%%},
	Title = {{Uncertainty induced by QCD coupling in the CTEQ global analysis of parton distributions}},
	Volume = {82},
	Year = {2010},
	Bdsk-Url-1 = {http://dx.doi.org/10.1103/PhysRevD.82.054021}}

@article{Agostinelli:2002hh,
	Author = {Agostinelli, S. and others},
	Collaboration = {GEANT4},
	Date-Added = {2015-04-29 02:06:39 +0000},
	Date-Modified = {2015-04-29 02:06:39 +0000},
	Doi = {10.1016/S0168-9002(03)01368-8},
	Journal = {Nucl. Instrum. Meth. A},
	Pages = {250},
	Reportnumber = {SLAC-PUB-9350, FERMILAB-PUB-03-339},
	Slaccitation = {%%CITATION = NUIMA,A506,250;%%},
	Title = {{GEANT4---a simulation toolkit}},
	Volume = {506},
	Year = {2003},
	Bdsk-Url-1 = {http://dx.doi.org/10.1016/S0168-9002(03)01368-8}}

@article{GEANT,
	Author = {Allison, John and others},
	Date-Added = {2015-04-29 02:06:39 +0000},
	Date-Modified = {2015-04-29 02:06:39 +0000},
	Doi = {10.1109/TNS.2006.869826},
	Journal = {IEEE Trans. Nucl. Sci.},
	Pages = {270},
	Reportnumber = {SLAC-PUB-11870},
	Slaccitation = {%%CITATION = IETNA,53,270;%%},
	Title = {{Geant4 developments and applications}},
	Volume = {53},
	Year = {2006},
	Bdsk-Url-1 = {http://dx.doi.org/10.1109/TNS.2006.869826}}

@article{Alwall:2007st,
	Archiveprefix = {arXiv},
	Author = {Alwall, Johan and Demin, Pavel and de Visscher, Simon and Frederix, Rikkert and Herquet, Michel and Maltoni, Fabio and Plehn, Tilman and Rainwater, David L. and Stelzer, Tim},
	Date-Added = {2015-04-29 02:05:21 +0000},
	Date-Modified = {2015-04-29 02:05:21 +0000},
	Doi = {10.1088/1126-6708/2007/09/028},
	Eprint = {0706.2334},
	Journal = {JHEP},
	Pages = {028},
	Primaryclass = {hep-ph},
	Reportnumber = {SLAC-PUB-12603, CP3-07-17},
	Slaccitation = {%%CITATION = ARXIV:0706.2334;%%},
	Title = {{MadGraph/MadEvent v4: the new web generation}},
	Volume = {09},
	Year = {2007},
	Bdsk-Url-1 = {http://dx.doi.org/10.1088/1126-6708/2007/09/028}}

@article{Bolzoni:2010xr,
	Archiveprefix = {arXiv},
	Author = {Bolzoni, Paolo and Fabio Maltoni and Sven-Olaf Moch and Marco Zaro},
	Date-Added = {2015-04-29 02:00:41 +0000},
	Date-Modified = {2015-04-29 02:00:41 +0000},
	Doi = {10.1103/PhysRevLett.105.011801},
	Eprint = {1003.4451},
	Journal = {Phys. Rev. Lett.},
	Pages = {011801},
	Primaryclass = {hep-ph},
	Reportnumber = {DESY-10-042, SFB-CPP-10-23, CP3-10-12},
	Slaccitation = {%%CITATION = ARXIV:1003.4451;%%},
	Title = {{Higgs Boson Production via Vector-Boson Fusion at NNLO at Next-to-Next-to-Leading Order in QCD}},
	Volume = {105},
	Year = {2010},
	Bdsk-Url-1 = {http://dx.doi.org/10.1103/PhysRevLett.105.011801}}

@article{Arnold:2008rz,
	Archiveprefix = {arXiv},
	Author = {Arnold, K. and others},
	Date-Added = {2015-04-29 02:00:24 +0000},
	Date-Modified = {2015-04-29 02:00:24 +0000},
	Doi = {10.1016/j.cpc.2009.03.006},
	Eprint = {0811.4559},
	Journal = {Comput. Phys. Commun.},
	Pages = {1661},
	Primaryclass = {hep-ph},
	Reportnumber = {KA-TP-31-2008, SFB-CPP-08-95},
	Slaccitation = {%%CITATION = ARXIV:0811.4559;%%},
	Title = {{VBFNLO: A parton level Monte Carlo for processes with electroweak bosons}},
	Volume = {180},
	Year = {2009},
	Bdsk-Url-1 = {http://dx.doi.org/10.1016/j.cpc.2009.03.006}}

@article{Figy:2003nv,
	Archiveprefix = {arXiv},
	Author = {Figy, T. and Zeppenfeld, D. and Oleari, C.},
	Date-Added = {2015-04-29 01:59:47 +0000},
	Date-Modified = {2015-04-29 01:59:47 +0000},
	Doi = {10.1103/PhysRevD.68.073005},
	Eprint = {hep-ph/0306109},
	Journal = {Phys. Rev. D},
	Pages = {073005},
	Slaccitation = {%%CITATION = HEP-PH/0306109;%%},
	Title = {{Next-to-leading order jet distributions for Higgs boson production via weak-boson fusion}},
	Volume = {68},
	Year = {2003},
	Bdsk-Url-1 = {http://dx.doi.org/10.1103/PhysRevD.68.073005}}

@article{Ciccolini:2007ec,
	Archiveprefix = {arXiv},
	Author = {Ciccolini, M. and Denner, Ansgar and Dittmaier, S.},
	Date-Added = {2015-04-29 01:49:20 +0000},
	Date-Modified = {2015-04-29 01:49:20 +0000},
	Doi = {10.1103/PhysRevD.77.013002},
	Eprint = {0710.4749},
	Journal = {Phys. Rev. D},
	Pages = {013002},
	Primaryclass = {hep-ph},
	Slaccitation = {%%CITATION = 0710.4749;%%},
	Title = {{Electroweak and QCD corrections to Higgs production via vector-boson fusion at the LHC}},
	Volume = {77},
	Year = {2008},
	Bdsk-Url-1 = {http://dx.doi.org/10.1103/PhysRevD.77.013002}}

@article{Ciccolini:2007jr,
	Archiveprefix = {arXiv},
	Author = {Ciccolini, M. and Denner, Ansgar and Dittmaier, S.},
	Date-Added = {2015-04-29 01:49:20 +0000},
	Date-Modified = {2015-04-29 01:49:20 +0000},
	Doi = {10.1103/PhysRevLett.99.161803},
	Eprint = {0707.0381},
	Journal = {Phys. Rev. Lett.},
	Pages = {161803},
	Primaryclass = {hep-ph},
	Title = {{Strong and electroweak corrections to the production of Higgs + 2-jets via weak interactions at the LHC}},
	Volume = {99},
	Year = {2007},
	Bdsk-Url-1 = {http://dx.doi.org/10.1103/PhysRevLett.99.161803}}

@article{Actis:2008ug,
	Archiveprefix = {arXiv},
	Author = {Actis, Stefano and Giampiero Passarino and Christian Sturm and Sandro Uccirati},
	Date-Added = {2015-04-29 01:48:26 +0000},
	Date-Modified = {2015-04-29 01:48:26 +0000},
	Doi = {10.1016/j.physletb.2008.10.018},
	Eprint = {0809.1301},
	Journal = {Phys. Lett. B},
	Pages = {12},
	Primaryclass = {hep-ph},
	Reportnumber = {PITHA-08-20, SFB-CPP-08-62, TTP08-38},
	Slaccitation = {%%CITATION = ARXIV:0809.1301;%%},
	Title = {{NLO electroweak corrections to Higgs boson production at hadron colliders}},
	Volume = {670},
	Year = {2008},
	Bdsk-Url-1 = {http://dx.doi.org/10.1016/j.physletb.2008.10.018}}

@article{Catani:2003zt,
	Archiveprefix = {arXiv},
	Author = {Catani, Stefano and de Florian, Daniel and Grazzini, Massimiliano and Nason, Paolo},
	Date-Added = {2015-04-29 01:48:00 +0000},
	Date-Modified = {2015-04-29 01:48:00 +0000},
	Doi = {10.1088/1126-6708/2003/07/028},
	Eprint = {hep-ph/0306211},
	Journal = {JHEP},
	Pages = {028},
	Primaryclass = {hep-ph},
	Reportnumber = {BICOCCA-FT-03-12, CERN-TH-2003-117},
	Slaccitation = {%%CITATION = HEP-PH/0306211;%%},
	Title = {{Soft gluon resummation for Higgs boson production at hadron colliders}},
	Volume = {07},
	Year = {2003},
	Bdsk-Url-1 = {http://dx.doi.org/10.1088/1126-6708/2003/07/028}}

@article{Ravindran:2003um,
	Archiveprefix = {arXiv},
	Author = {Ravindran, V. and Smith, J. and van Neerven, W. L.},
	Date-Added = {2015-04-29 01:47:42 +0000},
	Date-Modified = {2015-04-29 01:47:42 +0000},
	Doi = {10.1016/S0550-3213(03)00457-7},
	Eprint = {hep-ph/0302135},
	Journal = {Nucl. Phys. B},
	Pages = {325},
	Slaccitation = {%%CITATION = HEP-PH/0302135;%%},
	Title = {{NNLO corrections to the total cross section for Higgs boson production in hadron-hadron collisions}},
	Volume = {665},
	Year = {2003},
	Bdsk-Url-1 = {http://dx.doi.org/10.1016/S0550-3213(03)00457-7}}

@article{Anastasiou:2002yz,
	Archiveprefix = {arXiv},
	Author = {Anastasiou, Charalampos and Melnikov, Kirill},
	Date-Added = {2015-04-29 01:47:12 +0000},
	Date-Modified = {2015-04-29 01:47:12 +0000},
	Doi = {10.1016/S0550-3213(02)00837-4},
	Eprint = {hep-ph/0207004},
	Journal = {Nucl. Phys. B},
	Pages = {220},
	Slaccitation = {%%CITATION = HEP-PH/0207004;%%},
	Title = {{Higgs boson production at hadron colliders in NNLO QCD}},
	Volume = {646},
	Year = {2002},
	Bdsk-Url-1 = {http://dx.doi.org/10.1016/S0550-3213(02)00837-4}}

@article{Harlander:2002wh,
	Archiveprefix = {arXiv},
	Author = {Harlander, Robert V. and Kilgore, William B.},
	Date-Added = {2015-04-29 01:46:52 +0000},
	Date-Modified = {2015-04-29 01:46:52 +0000},
	Doi = {10.1103/PhysRevLett.88.201801},
	Eprint = {hep-ph/0201206},
	Journal = {Phys. Rev. Lett.},
	Pages = {201801},
	Slaccitation = {%%CITATION = HEP-PH/0201206;%%},
	Title = {{Next-to-next-to-leading order Higgs production at hadron colliders}},
	Volume = {88},
	Year = {2002},
	Bdsk-Url-1 = {http://dx.doi.org/10.1103/PhysRevLett.88.201801}}

@article{Spira:1995rr,
	Archiveprefix = {arXiv},
	Author = {Spira, M. and A. Djouadi and D. Graudenz and R. M. Zerwas},
	Date-Added = {2015-04-29 01:46:35 +0000},
	Date-Modified = {2015-04-29 01:46:35 +0000},
	Doi = {10.1016/0550-3213(95)00379-7},
	Eprint = {hep-ph/9504378},
	Journal = {Nucl. Phys. B},
	Pages = {17},
	Slaccitation = {%%CITATION = HEP-PH/9504378;%%},
	Title = {{Higgs boson production at the LHC}},
	Volume = {453},
	Year = {1995},
	Bdsk-Url-1 = {http://dx.doi.org/10.1016/0550-3213(95)00379-7}}

@article{Dawson:1990zj,
	Author = {Dawson, S.},
	Date-Added = {2015-04-29 01:46:15 +0000},
	Date-Modified = {2015-04-29 01:46:15 +0000},
	Doi = {10.1016/0550-3213(91)90061-2},
	Journal = {Nucl. Phys. B},
	Pages = {283},
	Slaccitation = {%%CITATION = NUPHA,B359,283;%%},
	Title = {{Radiative corrections to Higgs boson production}},
	Volume = {359},
	Year = {1991},
	Bdsk-Url-1 = {http://dx.doi.org/10.1016/0550-3213(91)90061-2}}

@article{Djouadi:1991tka,
	Author = {Djouadi, A. and Spira, M. and Zerwas, P. M.},
	Date-Added = {2015-04-29 01:45:56 +0000},
	Date-Modified = {2015-04-29 01:45:56 +0000},
	Doi = {10.1016/0370-2693(91)90375-Z},
	Journal = {Phys. Lett. B},
	Pages = {440},
	Slaccitation = {%%CITATION = PHLTA,B264,440;%%},
	Title = {{Production of Higgs bosons in proton colliders: QCD corrections}},
	Volume = {264},
	Year = {1991},
	Bdsk-Url-1 = {http://dx.doi.org/10.1016/0370-2693(91)90375-Z}}

@article{Baglio:2010ae,
	Archiveprefix = {arXiv},
	Author = {Baglio, Julien and Djouadi, Abdelhak},
	Date-Added = {2015-04-29 01:45:11 +0000},
	Date-Modified = {2015-04-29 01:45:11 +0000},
	Doi = {10.1007/JHEP03(2011)055},
	Eprint = {1012.0530},
	Journal = {JHEP},
	Pages = {055},
	Primaryclass = {hep-ph},
	Slaccitation = {%%CITATION = 1012.0530;%%},
	Title = {{Higgs production at the LHC}},
	Volume = {03},
	Year = {2011},
	Bdsk-Url-1 = {http://dx.doi.org/10.1007/JHEP03(2011)055}}

@article{deFlorian:2009hc,
	Archiveprefix = {arXiv},
	Author = {de Florian, Daniel and Grazzini, Massimiliano},
	Date-Added = {2015-04-29 01:44:45 +0000},
	Date-Modified = {2015-04-29 01:44:45 +0000},
	Doi = {10.1016/j.physletb.2009.03.033},
	Eprint = {0901.2427},
	Journal = {Phys. Lett. B},
	Pages = {291},
	Primaryclass = {hep-ph},
	Slaccitation = {%%CITATION = 0901.2427;%%},
	Title = {{Higgs production through gluon fusion: updated cross sections at the Tevatron and the LHC}},
	Volume = {674},
	Year = {2009},
	Bdsk-Url-1 = {http://dx.doi.org/10.1016/j.physletb.2009.03.033}}

@article{Anastasiou:2008tj,
	Archiveprefix = {arXiv},
	Author = {Anastasiou, Charalampos and Boughezal, Radja and Petriello, Frank},
	Date-Added = {2015-04-29 01:44:06 +0000},
	Date-Modified = {2015-04-29 01:44:06 +0000},
	Doi = {10.1088/1126-6708/2009/04/003},
	Eprint = {0811.3458},
	Journal = {JHEP},
	Pages = {003},
	Primaryclass = {hep-ph},
	Slaccitation = {%%CITATION = 0811.3458;%%},
	Title = {{Mixed QCD-electroweak corrections to Higgs boson production in gluon fusion}},
	Volume = {04},
	Year = {2009},
	Bdsk-Url-1 = {http://dx.doi.org/10.1088/1126-6708/2009/04/003}}

@article{deFlorian:2012mx,
	Archiveprefix = {arXiv},
	Author = {de Florian, Daniel and Ferrera, Giancarlo and Grazzini, Massimiliano and Tommasini, Damiano},
	Date-Added = {2015-04-29 01:43:30 +0000},
	Date-Modified = {2015-04-29 03:07:50 +0000},
	Doi = {10.1007/JHEP06(2012)132},
	Eprint = {1203.6321},
	Journal = {JHEP},
	Pages = {132},
	Primaryclass = {hep-ph},
	Reportnumber = {ZU-TH-04-12, IFUM-993-FT},
	Slaccitation = {%%CITATION = ARXIV:1203.6321;%%},
	Title = {{Higgs boson production at the LHC: transverse momentum resummation effects in the $H\rightarrow2\gamma$, $H\rightarrow WW\rightarrow2l2\nu$ and $H\rightarrow ZZ \rightarrow 4l$ decay modes}},
	Volume = {06},
	Year = {2012},
	Bdsk-Url-1 = {http://dx.doi.org/10.1007/JHEP06(2012)132}}

@article{Kauer:2012hd,
	Archiveprefix = {arXiv},
	Author = {Kauer, Nikolas and Passarino, Giampiero},
	Date-Added = {2015-04-29 01:39:44 +0000},
	Date-Modified = {2015-04-29 01:39:44 +0000},
	Doi = {10.1007/JHEP08(2012)116},
	Eprint = {1206.4803},
	Journal = {JHEP},
	Pages = {116},
	Primaryclass = {hep-ph},
	Slaccitation = {%%CITATION = ARXIV:1206.4803;%%},
	Title = {{Inadequacy of zero-width approximation for a light Higgs boson signal}},
	Volume = {08},
	Year = {2012},
	Bdsk-Url-1 = {http://dx.doi.org/10.1007/JHEP08(2012)116}}

@article{Goria:2011wa,
	Archiveprefix = {arXiv},
	Author = {Goria, Stefano and Passarino, Giampiero and Rosco, Dario},
	Date-Added = {2015-04-29 01:39:40 +0000},
	Date-Modified = {2015-04-29 01:39:40 +0000},
	Doi = {10.1016/j.nuclphysb.2012.07.006},
	Eprint = {1112.5517},
	Journal = {Nucl. Phys. B},
	Pages = {530},
	Primaryclass = {hep-ph},
	Slaccitation = {%%CITATION = ARXIV:1112.5517;%%},
	Title = {{The Higgs Boson Lineshape}},
	Volume = {864},
	Year = {2012},
	Bdsk-Url-1 = {http://dx.doi.org/10.1016/j.nuclphysb.2012.07.006}}

@article{Passarino:2010qk,
	Archiveprefix = {arXiv},
	Author = {Passarino, Giampiero and Sturm, Christian and Uccirati, Sandro},
	Date-Added = {2015-04-29 01:39:38 +0000},
	Date-Modified = {2015-04-29 01:39:38 +0000},
	Doi = {10.1016/j.nuclphysb.2010.03.013},
	Eprint = {1001.3360},
	Journal = {Nucl. Phys. B},
	Pages = {77},
	Primaryclass = {hep-ph},
	Slaccitation = {%%CITATION = 1001.3360;%%},
	Title = {{Higgs pseudo-observables, second Riemann sheet and all that}},
	Volume = {834},
	Year = {2010},
	Bdsk-Url-1 = {http://dx.doi.org/10.1016/j.nuclphysb.2010.03.013}}

@article{Sjostrand:2006za,
	Archiveprefix = {arXiv},
	Author = {Sj{\"{o}}strand, Torbjorn and Mrenna, Stephen and Skands, Peter Z.},
	Date-Added = {2015-04-29 01:38:31 +0000},
	Date-Modified = {2015-04-29 01:38:31 +0000},
	Doi = {10.1088/1126-6708/2006/05/026},
	Eprint = {hep-ph/0603175},
	Journal = {JHEP},
	Pages = {026},
	Slaccitation = {%%CITATION = HEP-PH/0603175;%%},
	Title = {{PYTHIA 6.4 Physics and Manual}},
	Volume = {05},
	Year = {2006},
	Bdsk-Url-1 = {http://dx.doi.org/10.1088/1126-6708/2006/05/026}}

@article{powheg,
	Archiveprefix = {arXiv},
	Author = {Frixione, Stefano and Nason, Paolo and Oleari, Carlo},
	Date-Added = {2015-04-29 01:38:05 +0000},
	Date-Modified = {2015-04-29 01:38:05 +0000},
	Doi = {10.1088/1126-6708/2007/11/070},
	Eprint = {0709.2092},
	Journal = {JHEP},
	Pages = {070},
	Primaryclass = {hep-ph},
	Slaccitation = {%%CITATION = 0709.2092;%%},
	Title = {{Matching NLO QCD computations with parton shower simulations: the POWHEG method}},
	Volume = {11},
	Year = {2007},
	Bdsk-Url-1 = {http://dx.doi.org/10.1088/1126-6708/2007/11/070}}

@techreport{CMS-PAS-JME-13-005,
	Address = {Geneva},
	Author = {{CMS~Collaboration}},
	Collaboration = {CMS Collaboration},
	Date-Added = {2015-04-29 01:36:58 +0000},
	Date-Modified = {2015-04-29 03:02:29 +0000},
	Institution = {CERN},
	Number = {CMS-PAS-JME-13-005},
	Reportnumber = {CMS-PAS-JME-13-005},
	Title = {{Pileup Jet Identification}},
	Year = {2013},
	Bdsk-Url-1 = {http://cds.cern.ch/record/1581583}}

@article{cmsJEC,
	Archiveprefix = {arXiv},
	Author = {Chatrchyan, Serguei and others},
	Collaboration = {CMS},
	Date-Added = {2015-04-29 01:28:04 +0000},
	Date-Modified = {2015-04-29 01:28:04 +0000},
	Doi = {10.1088/1748-0221/6/11/P11002},
	Eprint = {1107.4277},
	Journal = {JINST},
	Pages = {P11002},
	Primaryclass = {physics.ins-det},
	Reportnumber = {CERN-PH-EP-2011-102, CMS-JME-10-011},
	Slaccitation = {%%CITATION = ARXIV:1107.4277;%%},
	Title = {{Determination of Jet Energy Calibration and Transverse Momentum Resolution in CMS}},
	Volume = {6},
	Year = {2011},
	Bdsk-Url-1 = {http://dx.doi.org/10.1088/1748-0221/6/11/P11002}}

@article{Cacciari:2011ma,
	Archiveprefix = {arXiv},
	Author = {Cacciari, Matteo and Salam, Gavin P. and Soyez, Gregory},
	Date-Added = {2015-04-29 01:24:40 +0000},
	Date-Modified = {2015-04-29 01:24:40 +0000},
	Doi = {10.1140/epjc/s10052-012-1896-2},
	Eprint = {1111.6097},
	Journal = {Eur. Phys. J. C},
	Pages = {1896},
	Primaryclass = {hep-ph},
	Reportnumber = {CERN-PH-TH-2011-297},
	Slaccitation = {%%CITATION = ARXIV:1111.6097;%%},
	Title = {{FastJet user manual (for version 3.0.2)}},
	Volume = {72},
	Year = {2012},
	Bdsk-Url-1 = {http://dx.doi.org/10.1140/epjc/s10052-012-1896-2}}

@article{antikt,
	Archiveprefix = {arXiv},
	Author = {{M. Cacciari and G. P. Salam and G. Soyez}},
	Date-Added = {2015-04-29 00:56:26 +0000},
	Date-Modified = {2015-04-29 00:56:26 +0000},
	Doi = {10.1088/1126-6708/2008/04/063},
	Eprint = {0802.1189},
	Journal = {JHEP},
	Pages = {063},
	Primaryclass = {hep-ph},
	Title = {{The anti-$k_T$ jet clustering algorithm}},
	Volume = {04},
	Year = {2008},
	Bdsk-Url-1 = {http://dx.doi.org/10.1088/1126-6708/2008/04/063}}

@article{CMS_AN_2007-019,
	Author = {Daskalakis,G. and others},
	Date-Added = {2015-04-29 00:55:29 +0000},
	Date-Modified = {2015-04-29 03:02:18 +0000},
	Journal = {CMS Analysis Note},
	Title = {Measuring Electron Efficiencies at CMS with Early Data},
	Volume = {2007/019},
	Year = {2007},
	Bdsk-Url-1 = {FIXME}}

@article{Cacciari:2007fd,
	Archiveprefix = {arXiv},
	Author = {Cacciari, Matteo and Salam, Gavin P.},
	Date-Added = {2015-04-29 00:51:11 +0000},
	Date-Modified = {2015-04-29 00:51:11 +0000},
	Doi = {10.1016/j.physletb.2007.09.077},
	Eprint = {0707.1378},
	Journal = {Phys. Lett. B},
	Pages = {119},
	Primaryclass = {hep-ph},
	Slaccitation = {%%CITATION = 0707.1378;%%},
	Title = {{Pileup subtraction using jet areas}},
	Volume = {659},
	Year = {2008},
	Bdsk-Url-1 = {http://dx.doi.org/10.1016/j.physletb.2007.09.077}}

@article{Cacciari:2008gn,
	Archiveprefix = {arXiv},
	Author = {Cacciari, Matteo and Salam, Gavin P. and Soyez, Gregory},
	Date-Added = {2015-04-29 00:51:11 +0000},
	Date-Modified = {2015-04-29 00:51:11 +0000},
	Doi = {10.1088/1126-6708/2008/04/005},
	Eprint = {0802.1188},
	Journal = {JHEP},
	Pages = {005},
	Primaryclass = {hep-ph},
	Slaccitation = {%%CITATION = 0802.1188;%%},
	Title = {{The Catchment Area of Jets}},
	Volume = {04},
	Year = {2008},
	Bdsk-Url-1 = {http://dx.doi.org/10.1088/1126-6708/2008/04/005}}

@techreport{CMS-PAS-PFT-10-003,
	Author = {{CMS Collaboration}},
	Collaboration = {CMS},
	Date-Added = {2015-04-29 00:48:35 +0000},
	Date-Modified = {2015-04-29 15:22:19 +0000},
	Number = {CMS-PAS-PFT-10-003},
	Title = {Commissioning of the particle-flow event reconstruction with leptons from J/$\psi$ and W decays at $7$~TeV},
	Type = {CMS Physics Analysis Summary},
	Year = {2010},
	Bdsk-Url-1 = {http://cms-physics.web.cern.ch/cms-physics/public/PFT-10-003-pas.pdf}}

@article{MuonTR:2010,
	Abstract = {The performance of muon reconstruction, identification, and triggering in CMS has been studied using 40 pb −1 of data collected in pp collisions at √ s = 7 TeV at the LHC in 2010. A few benchmark sets of selection criteria covering a wide range of physics analysis needs have been examined. For all considered selections, the efficiency to reconstruct and identify a muon with a transverse momentum p T larger than a few GeV/c is above 95% over the whole region of pseudorapidity covered by the CMS muon system, |η| < 2.4, while the probability to misidentify a hadron as a muon is well below 1%. The efficiency to trigger on single muons with p T above a few GeVc is higher than 90% over the full η range, and typically substantially better. The overall momentum scale is measured to a precision of 0.2% with muons from Z decays. The transverse momentum resolution varies from 1% to 6% depending on pseudorapidity for muons with p T below 100GeV/c and, using cosmic rays, it is shown to be better than 10% in the central region up to p T = 1 TeV/c. Observed distributions of all quantities are well reproduced by the Monte Carlo simulation.},
	Author = {{CMS~Collaboration}},
	Date-Added = {2015-04-29 00:46:10 +0000},
	Date-Modified = {2015-04-29 00:46:35 +0000},
	Journal = {Journal of Instrumentation},
	Number = {10},
	Pages = {P10002},
	Title = {Performance of CMS muon reconstruction in pp collision events at √s = 7 TeV},
	Volume = {7},
	Year = {2012},
	Bdsk-Url-1 = {http://stacks.iop.org/1748-0221/7/i=10/a=P10002}}

@article{ElectronBDT:2012,
	Author = {e/g POG},
	Date-Added = {2015-04-29 00:40:23 +0000},
	Date-Modified = {2015-04-29 03:08:50 +0000},
	Journal = {CMS AN 2012/201},
	Title = {Electron Selection Criteria in 2012},
	Year = {2012}}

@techreport{CMS_DPS_2011-003,
	Author = {{CMS Collaboration}},
	Collaboration = {CMS},
	Date-Added = {2015-04-28 22:09:22 +0000},
	Date-Modified = {2015-04-29 03:02:03 +0000},
	Number = {CMS-DP-2011-003},
	Title = {Electron commissioning results at $\sqrt{s}=7$ TeV},
	Type = {CMS Detector Performance Summary},
	Year = {2011},
	Bdsk-Url-1 = {http://cdsweb.cern.ch/record/1360227}}

@techreport{CMS-PAS-EGM-10-004,
	Author = {{CMS Collaboration}},
	Collaboration = {CMS},
	Date-Added = {2015-04-28 22:09:16 +0000},
	Date-Modified = {2015-04-29 03:01:52 +0000},
	Number = {CMS-PAS-EGM-10-004},
	Title = {Electron reconstruction and identification at $\sqrt{s} = 7$ TeV},
	Type = {CMS Physics Analysis Summary},
	Year = {2010},
	Bdsk-Url-1 = {http://cdsweb.cern.ch/record/1299116}}

@article{Baffioni:2006cd,
	Author = {Baffioni, S. and Charlot, C. and Ferri, F. and Futyan, D. and Meridiani, P. and Puljak, I. and Rovelli, C. and Salerno, R. and Sirois, Y.},
	Date-Added = {2015-04-28 22:09:06 +0000},
	Date-Modified = {2015-04-28 22:09:06 +0000},
	Doi = {10.1140/epjc/s10052-006-0175-5},
	Journal = {Eur. Phys. J. C},
	Pages = {1099},
	Reportnumber = {CERN-CMS-NOTE-2006-040},
	Slaccitation = {%%CITATION = EPHJA,C49,1099;%%},
	Title = {{Electron reconstruction in CMS}},
	Volume = {49},
	Year = {2007},
	Bdsk-Url-1 = {http://dx.doi.org/10.1140/epjc/s10052-006-0175-5}}

@article{Chen:2014pia,
	Archiveprefix = {arXiv},
	Author = {Chen, Yi and Di Marco, Emanuele and Lykken, Joe and Spiropulu, Maria and Vega-Morales, Roberto and others},
	Date-Added = {2015-04-28 22:04:12 +0000},
	Date-Modified = {2015-04-28 22:04:12 +0000},
	Doi = {10.1007/JHEP01(2015)125},
	Eprint = {1401.2077},
	Journal = {JHEP},
	Pages = {125},
	Primaryclass = {hep-ex},
	Reportnumber = {FERMILAB-PUB-13-555-T, NUHEP-TH-13-06, LPT-ORSAY-13-100, CALT-68-2874, --CALT-68-2874},
	Slaccitation = {%%CITATION = ARXIV:1401.2077;%%},
	Title = {{8D likelihood effective Higgs couplings extraction framework in $h \to 4\ell$}},
	Volume = {1501},
	Year = {2015},
	Bdsk-Url-1 = {http://dx.doi.org/10.1007/JHEP01(2015)125}}

@article{Soni:1993,
	Author = {Soni, A. and Xu, R. M.},
	Date-Added = {2015-04-28 21:07:43 +0000},
	Date-Modified = {2015-04-29 03:01:34 +0000},
	Doi = {10.1103/PhysRevD.48.5259},
	Issue = {11},
	Journal = {Phys. Rev. D},
	Month = {Dec},
	Numpages = {0},
	Pages = {5259--5263},
	Publisher = {American Physical Society},
	Title = {Probing \textit{CP} violation via Higgs boson decays to four leptons},
	Volume = {48},
	Year = {1993},
	Bdsk-Url-1 = {http://link.aps.org/doi/10.1103/PhysRevD.48.5259},
	Bdsk-Url-2 = {http://dx.doi.org/10.1103/PhysRevD.48.5259}}

@article{Anderson:2013afp,
	Archiveprefix = {arXiv},
	Author = {Anderson, Ian and Bolognesi, Sara and Caola, Fabrizio and Gao, Yanyan and Gritsan, Andrei V. and others},
	Date-Added = {2015-04-28 20:46:40 +0000},
	Date-Modified = {2015-04-28 20:46:40 +0000},
	Doi = {10.1103/PhysRevD.89.035007},
	Eprint = {1309.4819},
	Journal = {Phys.Rev.},
	Number = {3},
	Pages = {035007},
	Primaryclass = {hep-ph},
	Reportnumber = {FERMILAB-PUB-13-386-PPD},
	Slaccitation = {%%CITATION = ARXIV:1309.4819;%%},
	Title = {{Constraining anomalous HVV interactions at proton and lepton colliders}},
	Volume = {D89},
	Year = {2014},
	Bdsk-Url-1 = {http://dx.doi.org/10.1103/PhysRevD.89.035007}}

@article{Bolognesi:2012mm,
	Archiveprefix = {arXiv},
	Author = {Bolognesi, Sara and Gao, Yanyan and Gritsan, Andrei V. and Melnikov, Kirill and Schulze, Markus and others},
	Date-Added = {2015-04-28 20:46:13 +0000},
	Date-Modified = {2015-04-28 20:46:13 +0000},
	Doi = {10.1103/PhysRevD.86.095031},
	Eprint = {1208.4018},
	Journal = {Phys.Rev.},
	Pages = {095031},
	Primaryclass = {hep-ph},
	Reportnumber = {ANL-HEP-PR-12-62, FERMILAB-PUB-12-475-PPD},
	Slaccitation = {%%CITATION = ARXIV:1208.4018;%%},
	Title = {{On the spin and parity of a single-produced resonance at the LHC}},
	Volume = {D86},
	Year = {2012},
	Bdsk-Url-1 = {http://dx.doi.org/10.1103/PhysRevD.86.095031}}

@article{Gao:2010qx,
	Archiveprefix = {arXiv},
	Author = {Gao, Yanyan and Gritsan, Andrei V. and Guo, Zijin and Melnikov, Kirill and Schulze, Markus and others},
	Date-Added = {2015-04-28 20:44:29 +0000},
	Date-Modified = {2015-04-28 20:44:29 +0000},
	Doi = {10.1103/PhysRevD.81.075022},
	Eprint = {1001.3396},
	Journal = {Phys.Rev.},
	Pages = {075022},
	Primaryclass = {hep-ph},
	Reportnumber = {FERMILAB-PUB-10-011-E},
	Slaccitation = {%%CITATION = ARXIV:1001.3396;%%},
	Title = {{Spin determination of single-produced resonances at hadron colliders}},
	Volume = {D81},
	Year = {2010},
	Bdsk-Url-1 = {http://dx.doi.org/10.1103/PhysRevD.81.075022}}

@article{HXSWG_Properties,
	Archiveprefix = {arXiv},
	Author = {{LHC Higgs Cross Section Working Group} and Heinemeyer, S. and Mariotti, C. and Passarino, G. and Tanaka (Eds.), R.},
	Date-Added = {2015-04-28 20:31:55 +0000},
	Date-Modified = {2015-04-28 20:32:09 +0000},
	Eprint = {1307.1347},
	Journal = {CERN-2013-004},
	Primaryclass = {hep-ph},
	Slaccitation = {%%CITATION = ARXIV:1307.1347;%%},
	Title = {{Handbook of LHC Higgs Cross Sections: 3. Higgs Properties}},
	Year = {CERN, Geneva, 2013}}

@article{HXSWG_Distributions,
	Archiveprefix = {arXiv},
	Author = {{LHC Higgs Cross Section Working Group} and Dittmaier, S. and Mariotti, C. and Passarino, G. and Tanaka (Eds.), R.},
	Date-Added = {2015-04-28 20:31:49 +0000},
	Date-Modified = {2015-04-28 20:32:38 +0000},
	Eprint = {1201.3084},
	Journal = {CERN-2012-002},
	Primaryclass = {hep-ph},
	Slaccitation = {%%CITATION = ARXIV:1201.3084;%%},
	Title = {{Handbook of LHC Higgs Cross Sections: 2. Differential Distributions}},
	Year = {CERN, Geneva, 2012}}

@article{HXSWG_Observables,
	Archiveprefix = {arXiv},
	Author = {{LHC Higgs Cross Section Working Group} and Dittmaier, S. and Mariotti, C. and Passarino, G. and Tanaka (Eds.), R.},
	Date-Added = {2015-04-28 20:31:44 +0000},
	Date-Modified = {2015-04-28 20:32:24 +0000},
	Eprint = {1101.0593},
	Journal = {CERN-2011-002},
	Primaryclass = {hep-ph},
	Slaccitation = {%%CITATION = ARXIV:1101.0593;%%},
	Title = {{Handbook of LHC Higgs Cross Sections: 1. Inclusive Observables}},
	Year = {CERN, Geneva, 2011}}

@article{MonteCarloMethod:1949,
	Author = {Nicholas Metropolis and S. Ulam},
	Date-Added = {2015-04-28 20:30:04 +0000},
	Date-Modified = {2015-04-28 20:30:25 +0000},
	Doi = {10.1080/01621459.1949.10483310},
	Journal = {Journal of the American Statistical Association},
	Note = {PMID: 18139350},
	Number = {247},
	Pages = {335-341},
	Title = {The Monte Carlo Method},
	Volume = {44},
	Year = {1949},
	Bdsk-Url-1 = {http://www.tandfonline.com/doi/abs/10.1080/01621459.1949.10483310},
	Bdsk-Url-2 = {http://dx.doi.org/10.1080/01621459.1949.10483310}}

@techreport{ParticleFlowAlgo,
	Address = {2009. Geneva},
	Author = {{CMS~Collaboration}},
	Collaboration = {CMS Collaboration},
	Date-Added = {2015-04-28 19:34:47 +0000},
	Date-Modified = {2015-04-28 19:37:26 +0000},
	Institution = {CERN},
	Month = {Apr},
	Number = {CMS-PAS-PFT-09-001},
	Reportnumber = {CMS-PAS-PFT-09-001},
	Title = {{Particle-Flow Event Reconstruction in CMS and Performance for Jets, Taus, and MET}},
	Year = {2009},
	Bdsk-Url-1 = {http://cds.cern.ch/record/1194487}}

@article{Chatrchyan:2009sr,
	Archiveprefix = {arXiv},
	Author = {{CMS~Collaboration}},
	Collaboration = {CMS Collaboration},
	Date-Added = {2015-04-28 19:24:56 +0000},
	Date-Modified = {2015-04-28 19:24:56 +0000},
	Doi = {10.1088/1748-0221/5/03/T03009},
	Eprint = {0910.2505},
	Journal = {JINST},
	Pages = {T03009},
	Primaryclass = {physics.ins-det},
	Title = {{Alignment of the CMS Silicon Tracker during Commissioning with Cosmic Rays}},
	Volume = {5},
	Year = {2010},
	Bdsk-Url-1 = {http://dx.doi.org/10.1088/1748-0221/5/03/T03009}}

@article{CMSTDR:Vol2,
	Author = {{CMS~Collaboration}},
	Collaboration = {CMS Collaboration},
	Date-Added = {2015-04-28 19:17:38 +0000},
	Date-Modified = {2015-04-28 19:25:47 +0000},
	Journal = {J. Phys. G},
	Note = {revised version submitted on 2006-09-22 17:44:47},
	Number = {CERN-LHCC-2006-021. CMS-TDR-8-2},
	Pages = {995-1579. 669 p},
	Title = {{CMS Physics: Technical Design Report Volume 2: Physics Performance}},
	Volume = {34},
	Year = {2007},
	Bdsk-Url-1 = {http://cds.cern.ch/record/942733}}

@book{CMSTDR:Vol1,
	Address = {Geneva},
	Author = {{CMS~Collaboration}},
	Collaboration = {CMS Collaboration},
	Date-Added = {2015-04-28 19:16:12 +0000},
	Date-Modified = {2015-04-28 19:25:36 +0000},
	Note = {There is an error on cover due to a technical problem for some items},
	Publisher = {CERN},
	Series = {Technical Design Report CMS},
	Title = {{CMS Physics: Technical Design Report Volume 1: Detector Performance and Software}},
	Year = {2006},
	Bdsk-Url-1 = {http://cds.cern.ch/record/922757}}

@article{Higgs4lLegacy:2013,
	Author = {Chatrchyan, S. and others},
	Collaboration = {(CMS Collaboration)},
	Date-Added = {2015-04-28 19:09:57 +0000},
	Date-Modified = {2015-04-28 19:11:31 +0000},
	Doi = {10.1103/PhysRevD.89.092007},
	Issue = {9},
	Journal = {Phys. Rev. D},
	Month = {May},
	Numpages = {45},
	Pages = {092007},
	Publisher = {American Physical Society},
	Title = {Measurement of the properties of a Higgs boson in the four-lepton final state},
	Volume = {89},
	Year = {2014},
	Bdsk-Url-1 = {http://link.aps.org/doi/10.1103/PhysRevD.89.092007},
	Bdsk-Url-2 = {http://dx.doi.org/10.1103/PhysRevD.89.092007}}

@article{Fukuda:1998mi,
	Archiveprefix = {arXiv},
	Author = {Fukuda, Y. and others},
	Collaboration = {Super-Kamiokande},
	Date-Added = {2015-04-28 19:05:29 +0000},
	Date-Modified = {2015-04-28 19:05:29 +0000},
	Doi = {10.1103/PhysRevLett.81.1562},
	Eprint = {hep-ex/9807003},
	Journal = {Phys.Rev.Lett.},
	Pages = {1562-1567},
	Primaryclass = {hep-ex},
	Reportnumber = {BU-98-17, ICRR-REPORT-422-98-18, UCI-98-8, KEK-PREPRINT-98-95, LSU-HEPA-5-98, UMD-98-003, SBHEP-98-5, TKU-PAP-98-06, TIT-HPE-98-09},
	Slaccitation = {%%CITATION = HEP-EX/9807003;%%},
	Title = {{Evidence for oscillation of atmospheric neutrinos}},
	Volume = {81},
	Year = {1998},
	Bdsk-Url-1 = {http://dx.doi.org/10.1103/PhysRevLett.81.1562}}

@article{Sher:1989,
	Author = {Marc Sher},
	Date-Added = {2015-04-28 19:03:27 +0000},
	Date-Modified = {2015-04-28 19:12:53 +0000},
	Doi = {http://dx.doi.org/10.1016/0370-1573(89)90061-6},
	Issn = {0370-1573},
	Journal = {Physics Reports},
	Number = {5--6},
	Pages = {273 - 418},
	Title = {Electroweak Higgs potential and vacuum stability},
	Volume = {179},
	Year = {1989},
	Bdsk-Url-1 = {http://www.sciencedirect.com/science/article/pii/0370157389900616},
	Bdsk-Url-2 = {http://dx.doi.org/10.1016/0370-1573(89)90061-6}}

@article{Sakharov:1967dj,
	Author = {Sakharov, A.D.},
	Date-Added = {2015-04-28 18:51:31 +0000},
	Date-Modified = {2015-04-28 18:51:31 +0000},
	Journal = {Pisma Zh.Eksp.Teor.Fiz.},
	Note = {Reprinted in *Kolb, E.W. (ed.), Turner, M.S. (ed.): The early universe* 371-373, and in *Lindley, D. (ed.) et al.: Cosmology and particle physics* 106-109, and in Sov. Phys. Usp. 34 (1991) 392-393 [Usp. Fiz. Nauk 161 (1991) No. 5 61-64]},
	Pages = {32-35},
	Title = {{Violation of CP Invariance, c Asymmetry, and Baryon Asymmetry of the Universe}},
	Volume = {5},
	Year = {1967}}

@article{Bagnaia:1983zx,
	Author = {Bagnaia, P. and others},
	Collaboration = {UA2},
	Date-Added = {2015-04-28 18:40:24 +0000},
	Date-Modified = {2015-04-28 18:47:20 +0000},
	Doi = {10.1016/0370-2693(83)90744-X},
	Journal = {Phys.Lett.},
	Pages = {130-140},
	Reportnumber = {CERN-EP-83-112},
	Slaccitation = {%%CITATION = PHLTA,B129,130;%%},
	Title = {{Evidence for $Z_0 \rightarrow e^+ e^-$ at the CERN anti-p p Collider}},
	Volume = {B129},
	Year = {1983},
	Bdsk-Url-1 = {http://dx.doi.org/10.1016/0370-2693(83)90744-X}}

@article{Arnison:1983mk,
	Author = {Arnison, G. and others},
	Collaboration = {UA1},
	Date-Added = {2015-04-28 18:36:56 +0000},
	Date-Modified = {2015-04-28 18:48:32 +0000},
	Doi = {10.1016/0370-2693(83)90188-0},
	Journal = {Phys.Lett.},
	Pages = {398-410},
	Reportnumber = {CERN-EP-83-73},
	Slaccitation = {%%CITATION = PHLTA,B126,398;%%},
	Title = {{Experimental Observation of Lepton Pairs of Invariant Mass Around 95 $\rm{GeV}/c^2$ at the CERN SPS Collider}},
	Volume = {B126},
	Year = {1983},
	Bdsk-Url-1 = {http://dx.doi.org/10.1016/0370-2693(83)90188-0}}

@article{Arnison:1983rp,
	Author = {Arnison, G. and others},
	Collaboration = {UA1},
	Date-Added = {2015-04-28 18:36:43 +0000},
	Date-Modified = {2015-04-28 18:49:28 +0000},
	Doi = {10.1016/0370-2693(83)91177-2},
	Journal = {Phys.Lett.},
	Pages = {103-116},
	Reportnumber = {CERN-EP-83-13},
	Slaccitation = {%%CITATION = PHLTA,B122,103;%%},
	Title = {{Experimental Observation of Isolated Large Transverse Energy Electrons with Associated Missing Energy at $\sqrt{s}$ = 540 $\rm{GeV}$}},
	Volume = {B122},
	Year = {1983},
	Bdsk-Url-1 = {http://dx.doi.org/10.1016/0370-2693(83)91177-2}}

@article{Anderson:1963,
	Author = {Anderson, P. W.},
	Date-Added = {2015-04-28 18:32:25 +0000},
	Date-Modified = {2015-04-28 18:46:06 +0000},
	Doi = {10.1103/PhysRev.130.439},
	Issue = {1},
	Journal = {Phys. Rev.},
	Month = {Apr},
	Numpages = {0},
	Pages = {439--442},
	Publisher = {American Physical Society},
	Title = {Plasmons, Gauge Invariance, and Mass},
	Volume = {130},
	Year = {1963},
	Bdsk-Url-1 = {http://link.aps.org/doi/10.1103/PhysRev.130.439},
	Bdsk-Url-2 = {http://dx.doi.org/10.1103/PhysRev.130.439}}

@article{Hasert:1973ff,
	Author = {Hasert, F.J. and others},
	Collaboration = {Gargamelle Neutrino},
	Date-Added = {2015-04-28 18:21:27 +0000},
	Date-Modified = {2015-04-28 18:21:27 +0000},
	Doi = {10.1016/0370-2693(73)90499-1},
	Journal = {Phys.Lett.},
	Pages = {138-140},
	Slaccitation = {%%CITATION = PHLTA,B46,138;%%},
	Title = {{Observation of Neutrino Like Interactions Without Muon Or Electron in the Gargamelle Neutrino Experiment}},
	Volume = {B46},
	Year = {1973},
	Bdsk-Url-1 = {http://dx.doi.org/10.1016/0370-2693(73)90499-1}}

@article{CDFandD0:2011aa,
	Archiveprefix = {arXiv},
	Collaboration = {TEVNPH (Tevatron New Phenomina and Higgs Working Group), CDF, D0},
	Date-Added = {2015-04-28 14:55:37 +0000},
	Date-Modified = {2015-04-28 14:55:37 +0000},
	Eprint = {1107.5518},
	Key = {920558},
	Primaryclass = {hep-ex},
	Reportnumber = {FERMILAB-CONF-11-354-E},
	Slaccitation = {%%CITATION = ARXIV:1107.5518;%%},
	Title = {{Combined CDF and D0 Upper Limits on Standard Model Higgs Boson Production with up to 8.6 fb$^{-1}$ of Data}},
	Year = {2011}}

@article{Aaltonen:2011gs,
	Archiveprefix = {arXiv},
	Author = {Aaltonen, T. and others},
	Collaboration = {CDF and D0},
	Date-Added = {2015-04-28 14:41:53 +0000},
	Date-Modified = {2015-04-28 14:41:53 +0000},
	Eprint = {1103.3233},
	Note = {* Temporary entry *},
	Primaryclass = {hep-ex},
	Title = {{Combined CDF and D0 Upper Limits on Standard Model Higgs Boson Production with up to 8.2 fb$^{-1}$ of Data}},
	Year = {2011}}

@article{LEPlimits,
	Archiveprefix = {arXiv},
	Author = {Barate, R. and others {(LEP Working Group for Higgs boson searches and ALEPH, DELPHI, L3, and OPAL Collaborations)}},
	Date-Added = {2015-04-28 14:41:16 +0000},
	Date-Modified = {2015-04-28 14:41:16 +0000},
	Doi = {10.1016/S0370-2693(03)00614-2},
	Eprint = {hep-ex/0306033},
	Journal = {Phys. Lett.},
	Pages = {61-75},
	Slaccitation = {%%CITATION = HEP-EX/0306033;%%},
	Title = {{Search for the standard model Higgs boson at LEP}},
	Volume = {B565},
	Year = {2003},
	Bdsk-Url-1 = {http://dx.doi.org/10.1016/S0370-2693(03)00614-2}}

@article{Barate:2003sz,
	Archiveprefix = {arXiv},
	Author = {Barate, R. and others},
	Collaboration = {LEP Working Group for Higgs boson searches, ALEPH Collaboration, DELPHI Collaboration, L3 Collaboration, OPAL Collaboration},
	Date-Added = {2015-04-28 14:41:06 +0000},
	Date-Modified = {2015-04-28 14:41:06 +0000},
	Doi = {10.1016/S0370-2693(03)00614-2},
	Eprint = {hep-ex/0306033},
	Journal = {Phys.Lett.},
	Pages = {61-75},
	Primaryclass = {hep-ex},
	Title = {{Search for the standard model Higgs boson at LEP}},
	Volume = {B565},
	Year = {2003},
	Bdsk-Url-1 = {http://dx.doi.org/10.1016/S0370-2693(03)00614-2}}

@article{Salam:1968,
	Author = {Salam, Abdus},
	Date-Added = {2015-04-28 14:39:11 +0000},
	Date-Modified = {2015-04-28 14:39:22 +0000},
	Journal = {N. Svartholm ed., Almquvist and Wiksell, Stockholm},
	Slaccitation = {%%CITATION = PRLTA,19,1264;%%},
	Title = {{Elementary Particle Physics}},
	Year = {1968}}

@article{Weinberg:1967tq,
	Author = {Weinberg, Steven},
	Date-Added = {2015-04-28 14:39:01 +0000},
	Date-Modified = {2015-04-28 14:39:01 +0000},
	Doi = {10.1103/PhysRevLett.19.1264},
	Journal = {Phys. Rev. Lett.},
	Pages = {1264-1266},
	Slaccitation = {%%CITATION = PRLTA,19,1264;%%},
	Title = {{A Model of Leptons}},
	Volume = {19},
	Year = {1967},
	Bdsk-Url-1 = {http://dx.doi.org/10.1103/PhysRevLett.19.1264}}

@article{Guralnik:1964eu,
	Author = {Guralnik, G.S. and Hagen, C.R. and Kibble, T.W.B.},
	Date-Added = {2015-04-28 14:36:24 +0000},
	Date-Modified = {2015-04-28 14:36:24 +0000},
	Doi = {10.1103/PhysRevLett.13.585},
	Journal = {Phys. Rev. Lett.},
	Pages = {585},
	Title = {{Global Conservation Laws and Massless Particles}},
	Volume = {13},
	Year = {1964},
	Bdsk-Url-1 = {http://dx.doi.org/10.1103/PhysRevLett.13.585}}

@article{Englert:1964et,
	Author = {Englert, F. and Brout, R.},
	Date-Added = {2015-04-28 14:36:04 +0000},
	Date-Modified = {2015-04-28 14:36:04 +0000},
	Doi = {10.1103/PhysRevLett.13.321},
	Journal = {Phys. Rev. Lett.},
	Pages = {321},
	Title = {{Broken Symmetry and the Mass of Gauge Vector Mesons}},
	Volume = {13},
	Year = {1964},
	Bdsk-Url-1 = {http://dx.doi.org/10.1103/PhysRevLett.13.321}}

@article{Higgs:1964pj,
	Author = {Higgs, Peter W.},
	Date-Added = {2015-04-28 14:32:29 +0000},
	Date-Modified = {2015-04-28 14:32:29 +0000},
	Doi = {10.1103/PhysRevLett.13.508},
	Journal = {Phys. Rev. Lett.},
	Pages = {508},
	Title = {{Broken Symmetries and the Masses of Gauge Bosons}},
	Volume = {13},
	Year = {1964},
	Bdsk-Url-1 = {http://dx.doi.org/10.1103/PhysRevLett.13.508}}

@article{Higgs:1964ia,
	Author = {Higgs, Peter W.},
	Date-Added = {2015-04-28 14:32:29 +0000},
	Date-Modified = {2015-04-28 14:32:29 +0000},
	Doi = {10.1016/0031-9163(64)91136-9},
	Journal = {Phys. Lett.},
	Pages = {132},
	Title = {{Broken symmetries, massless particles and gauge fields}},
	Volume = {12},
	Year = {1964},
	Bdsk-Url-1 = {http://dx.doi.org/10.1016/0031-9163(64)91136-9}}

@article{Glashow:1961,
	Author = {Glashow, S. L.},
	Date-Added = {2015-04-28 14:29:37 +0000},
	Date-Modified = {2015-04-28 14:30:14 +0000},
	Doi = {10.1016/0029-5582(61)90469-2},
	Journal = {Nucl. Phys.},
	Pages = {579},
	Slaccitation = {%%CITATION = NUPHA,22,579;%%},
	Title = {{Partial-symmetries of Weak Interactions}},
	Volume = {22},
	Year = {1961},
	Bdsk-Url-1 = {http://dx.doi.org/10.1016/0029-5582(61)90469-2}}
